<?xml version="1.0" encoding="UTF-8"?><collection xmlns="http://www.loc.gov/MARC21/slim"><record><leader>00441nam--2200145-i-4500</leader><controlfield tag="001">000030717</controlfield><controlfield tag="002">20161230</controlfield><controlfield tag="005">20161230201038</controlfield><controlfield tag="008">060222s1000------------r-----000-0-eng-d</controlfield><datafield ind1=" " ind2=" " tag="080"><subfield code="a">51(076)</subfield></datafield><datafield ind1=" " ind2=" " tag="100"><subfield code="a">Rosculet, M., Grecu, E., Filipescu, D.Si Medintu, R</subfield></datafield><datafield ind1=" " ind2=" " tag="245"><subfield code="a">Matematici generale pt.subingineri. culegere de probleme</subfield></datafield><datafield ind1=" " ind2=" " tag="260"><subfield code="a">Bucuresti, Ed.Didact.Si Pedagogica, 1975, 400p</subfield></datafield><datafield ind1=" " ind2=" " tag="852"><subfield code="a">42800</subfield><subfield code="c">51</subfield></datafield><datafield ind1=" " ind2=" " tag="CAT"><subfield code="a">Sys</subfield><subfield code="c">20080410</subfield><subfield code="h">114010</subfield></datafield></record></collection>